<record xmlns="http://www.loc.gov/MARC21/slim" xmlns:xsi="http://www.w3.org/2001/XMLSchema-instance" xsi:schemaLocation="http://www.loc.gov/MARC21/slim http://www.loc.gov/standards/marcxml/schema/MARC21slim.xsd"><leader>02054nam a2200397   4500</leader><controlfield tag="001">001680726</controlfield><controlfield tag="003">NNU</controlfield><controlfield tag="006">m        d        </controlfield><controlfield tag="007">cr cn |||m|||a</controlfield><controlfield tag="008">150110s1970    iq c    ob   f000 0bara d</controlfield><datafield ind1=" " ind2=" " tag="040"><subfield code="a">NNU</subfield><subfield code="b">eng</subfield><subfield code="c">NNU</subfield></datafield><datafield ind1=" " ind2="4" tag="050"><subfield code="a">PJ6064.A5</subfield><subfield code="b">S17</subfield></datafield><datafield ind1="1" ind2=" " tag="100"><subfield code="6">880-01</subfield><subfield code="a">S&#257;marr&#257;&#700;&#299;, &#699;&#256;mir Rash&#299;d</subfield></datafield><datafield ind1="1" ind2="3" tag="245"><subfield code="6">880-02</subfield><subfield code="a">al-Ab Anista&#772;s Ma&#772;ri&#772; al-Kirmili&#772;</subfield><subfield code="h">[electronic resource] /</subfield><subfield code="c">bi-qalam &#699;A&#772;mir Rashi&#772;d al-Sa&#772;marra&#772;&#700;i&#772;.</subfield></datafield><datafield ind1=" " ind2=" " tag="260"><subfield code="6">880-03</subfield><subfield code="a">[Baghda&#772;d?] :</subfield><subfield code="b">Wiza&#772;rat al-Thaqa&#772;fah wa-al-I&#699;la&#772;m, Mudi&#772;ri&#772;yat al-Thaqa&#772;fah al-&#699;A&#772;mmah,</subfield><subfield code="c">1970.</subfield></datafield><datafield ind1=" " ind2=" " tag="300"><subfield code="a">online resource (18, p.) :</subfield><subfield code="b">port.</subfield></datafield><datafield ind1="1" ind2=" " tag="490"><subfield code="6">880-04</subfield><subfield code="a">Silsilat al-kutub al-h&#803;adi&#772;thah ;</subfield><subfield code="v">30</subfield></datafield><datafield ind1=" " ind2=" " tag="500"><subfield code="a">In Arabic.</subfield></datafield><datafield ind1=" " ind2=" " tag="500"><subfield code="a">Part of the Arabic Collections Online (ACO) project, contributed by New York Univeristy Libraries.</subfield></datafield><datafield ind1=" " ind2=" " tag="504"><subfield code="a">Includes bibliographical references.</subfield></datafield><datafield ind1=" " ind2=" " tag="500"><subfield code="a">LIst of works by Anastas Mari: p. 11-15.</subfield></datafield><datafield ind1=" " ind2=" " tag="533"><subfield code="a">Electronic reproduction.</subfield><subfield code="b">New York, N.Y. :</subfield><subfield code="c">New York University,</subfield><subfield code="d">2015.</subfield><subfield code="5">NNU</subfield></datafield><datafield ind1="0" ind2="0" tag="600"><subfield code="a">Anist&#257;s M&#257;r&#299;,</subfield><subfield code="c">al-Karmil&#299;, ab,</subfield><subfield code="d">1866-1947.</subfield></datafield><datafield ind1="0" ind2="7" tag="600"><subfield code="a">Anista&#772;s Ma&#772;ri&#772;,</subfield><subfield code="c">al-Karmili&#772;, ab,</subfield><subfield code="d">1866-1947.</subfield><subfield code="2">fast</subfield><subfield code="0">(OCoLC)fst00274796</subfield></datafield><datafield ind1="2" ind2=" " tag="710"><subfield code="a">New York University.</subfield><subfield code="b">Libraries.</subfield></datafield><datafield ind1="0" ind2=" " tag="730"><subfield code="a">Arabic Collections Online.</subfield></datafield><datafield ind1="0" ind2="8" tag="776"><subfield code="i">Print version:</subfield><subfield code="a">S&#257;marr&#257;&#700;&#299;, &#699;&#256;mir Rash&#299;d 880-01</subfield><subfield code="t">al-Ab Anista&#772;s Ma&#772;ri&#772; al-Kirmili&#772;</subfield><subfield code="w">(NNU)001680726</subfield></datafield><datafield ind1="4" ind2="0" tag="856"><subfield code="u">http://hdl.handle.net/2333.1/866t1hsf</subfield></datafield><datafield ind1="1" ind2=" " tag="880"><subfield code="6">100-01/</subfield><subfield code="a">&#1587;&#1575;&#1605;&#1585;&#1575;&#1574;&#1610;&#1548; &#1593;&#1575;&#1605;&#1585; &#1585;&#1588;&#1610;&#1583;.</subfield></datafield><datafield ind1="1" ind2="2" tag="880"><subfield code="6">245-02/</subfield><subfield code="a">&#1575;&#1604;&#1575;&#1576; &#1575;&#1606;&#1587;&#1578;&#1575;&#1587; &#1605;&#1575;&#1585;&#1610; &#1575;&#1604;&#1603;&#1585;&#1605;&#1604;&#1610;</subfield><subfield code="c">&#1576;&#1602;&#1604;&#1605; &#1593;&#1575;&#1605;&#1585; &#1585;&#1588;&#1610;&#1583; &#1575;&#1604;&#1587;&#1575;&#1605;&#1585;&#1575;&#1574;&#1610;.</subfield></datafield><datafield ind1=" " ind2=" " tag="880"><subfield code="6">260-03/</subfield><subfield code="a">[&#1576;&#1594;&#1583;&#1575;&#1583;&#1567;] :</subfield><subfield code="b">&#1608;&#1586;&#1575;&#1585;&#1577; &#1575;&#1604;&#1579;&#1602;&#1575;&#1601;&#1577; &#1608;&#1575;&#1604;&#1575;&#1593;&#1604;&#1575;&#1605;&#1548; &#1605;&#1583;&#1610;&#1585;&#1610;&#1577; &#1575;&#1604;&#1579;&#1602;&#1575;&#1601;&#1577; &#1575;&#1604;&#1593;&#1575;&#1605;&#1577;&#1548;</subfield><subfield code="c">1970.</subfield></datafield><datafield ind1="1" ind2=" " tag="880"><subfield code="6">490-04/</subfield><subfield code="a">&#1587;&#1604;&#1587;&#1604;&#1577; &#1575;&#1604;&#1603;&#1578;&#1576; &#1575;&#1604;&#1581;&#1583;&#1610;&#1579;&#1577; &#1563;</subfield><subfield code="v">30</subfield></datafield><datafield ind1=" " ind2="0" tag="830"><subfield code="6">880-05</subfield><subfield code="a">Silsilat al-kutub al-h&#803;adi&#772;thah ;</subfield><subfield code="v">30.</subfield></datafield><datafield ind1=" " ind2="0" tag="880"><subfield code="6">830-05/</subfield><subfield code="a">&#1587;&#1604;&#1587;&#1604;&#1577; &#1575;&#1604;&#1603;&#1578;&#1576; &#1575;&#1604;&#1581;&#1583;&#1610;&#1579;&#1577; &#1563;</subfield><subfield code="v">30.</subfield></datafield><datafield ind1=" " ind2=" " tag="959"><subfield code="a">NNU</subfield><subfield code="b">WEB</subfield><subfield code="c">GENI</subfield><subfield code="t">0</subfield><subfield code="m">Electronic access</subfield><subfield code="s">01</subfield></datafield><datafield ind1=" " ind2=" " tag="999"><subfield code="i">NNU_001680726</subfield><subfield code="o" /></datafield></record>